Details,Posting Date,Description,Amount,Type,Balance,Check or Slip #
CREDIT,12/30/2022,"TRINET HR CORPOR PAYROLL                    PPD ID: 6481304650",2691.80,ACH_CREDIT,44740.00,,
CREDIT,12/30/2022,"INTEL CORPORATIO DIRDEP                     PPD ID: 1941672743",3468.94,ACH_CREDIT,42048.20,,
DEBIT,12/28/2022,"VENMO            PAYMENT    1024352571672   WEB ID: 3264681992",-297.73,MISC_DEBIT,38579.26,,
DEBIT,12/27/2022,"DRAFTKINGS       DRAFTKINGS 084003996292982 WEB ID: 9044045959",-20.00,ACH_DEBIT,38876.99,,
DEBIT,12/27/2022,"Online Realtime Transfer to PNC spend  1371 transaction#: 16133141938 reference#: 9133141938RX 12/27",-200.00,ACCT_XFER,38896.99,,
DEBIT,12/27/2022,"Payment to Chase card ending in 6616 12/27",-1419.67,ACCT_XFER,39096.99,,
DEBIT,12/23/2022,"VENMO            PAYMENT    1024279392803   WEB ID: 3264681992",-70.00,MISC_DEBIT,40516.66,,
DEBIT,12/22/2022,"NON-CHASE ATM FEE-WITH",-3.00,FEE_TRANSACTION,40586.66,,
DEBIT,12/22/2022,"NON-CHASE ATM WITHDRAW               386833  12/212177 NW 1",-63.25,ATM,40589.66,,
DEBIT,12/22/2022,"SAFEWAY #1230 HILLSBORO OR                   12/21",-15.58,DEBIT_CARD,40652.91,,
DSLIP,12/22/2022,"REMOTE ONLINE DEPOSIT #          1",100.00,CHECK_DEPOSIT,40668.49,1,
DEBIT,12/21/2022,"VENMO            PAYMENT    1024241509690   WEB ID: 3264681992",-77.00,MISC_DEBIT,40568.49,,
DEBIT,12/20/2022,"Payment to Chase card ending in 6616 12/20",-1238.75,ACCT_XFER,40645.49,,
DEBIT,12/19/2022,"KLARNA INC KLARNA.COM OH                     12/18",-118.06,DEBIT_CARD,41884.24,,
DEBIT,12/16/2022,"RAYMOND JAMES &  BROKERAGE                  PPD ID: 1591237041",-500.00,ACH_DEBIT,42002.30,,
DEBIT,12/15/2022,"Payment to Chase card ending in 6616 12/15",-843.25,ACCT_XFER,42502.30,,
CREDIT,12/15/2022,"INTEL CORPORATIO DIRDEP                     PPD ID: 1941672743",3468.93,ACH_CREDIT,43345.55,,
CREDIT,12/15/2022,"TRINET HR CORPOR PAYROLL                    PPD ID: 6481304650",4140.58,ACH_CREDIT,39876.62,,
DEBIT,12/12/2022,"VENMO            PAYMENT    1024030935067   WEB ID: 3264681992",-115.00,MISC_DEBIT,35736.04,,
DEBIT,12/12/2022,"Payment to Chase card ending in 6616 12/12",-922.26,ACCT_XFER,35851.04,,
DEBIT,12/12/2022,"WINCO #014 3025 SW Ced Beaverton OR  530399  12/10",-92.86,DEBIT_CARD,36773.30,,
DEBIT,12/12/2022,"DRAFTKINGS       DRAFTKINGS 084003993592266 WEB ID: 9044045959",-25.00,ACH_DEBIT,36866.16,,
DEBIT,12/07/2022,"VENMO            PAYMENT    1023946374775   WEB ID: 3264681992",-173.33,MISC_DEBIT,36891.16,,
DEBIT,12/06/2022,"Payment to Chase card ending in 6616 12/06",-20.57,ACCT_XFER,37064.49,,
DEBIT,12/06/2022,"Online Realtime Transfer to PNC spend  1371 transaction#: 15971208933 reference#: 9971208933RX 12/06",-750.00,ACCT_XFER,37085.06,,
DEBIT,12/06/2022,"DEPT EDUCATION   STUDENT LN                 PPD ID: 9102001001",-273.07,ACH_DEBIT,37835.06,,
DEBIT,12/05/2022,"Payment to Chase card ending in 6616 12/05",-1819.95,ACCT_XFER,38108.13,,
DEBIT,12/05/2022,"VENMO            PAYMENT    1023905107517   WEB ID: 3264681992",-50.00,MISC_DEBIT,39928.08,,
DEBIT,12/02/2022,"PL*HOADuesPaymnt WEB PMTS   52X8H4          WEB ID: 9000375093",-295.00,ACH_DEBIT,39978.08,,
DEBIT,12/01/2022,"PENNYMAC         CASH       8191564333-0029 WEB ID: 1262049351",-1792.44,ACH_DEBIT,40273.08,,
DEBIT,12/01/2022,"BASELINE LEARNIN 5034398686                 PPD ID: 1470259040",-1950.00,ACH_DEBIT,42065.52,,
DEBIT,12/01/2022,"PDX AIRPORT PARKING PORTLAND OR              11/30",-60.00,DEBIT_CARD,44015.52,,
DEBIT,11/30/2022,"Payment to Chase card ending in 6616 11/30",-582.62,ACCT_XFER,44075.52,,
CREDIT,11/30/2022,"TRINET HR CORPOR PAYROLL                    PPD ID: 6481304650",2692.23,ACH_CREDIT,44658.14,,
CREDIT,11/30/2022,"INTEL CORPORATIO DIRDEP                     PPD ID: 1941672743",3159.21,ACH_CREDIT,41965.91,,
DEBIT,11/29/2022,"Payment to Chase card ending in 6616 11/29",-809.62,ACCT_XFER,38806.70,,
DEBIT,11/23/2022,"Online Realtime Transfer to PNC spend  1371 transaction#: 15858628209 reference#: 9858628209RX 11/23",-150.00,ACCT_XFER,39616.32,,
DEBIT,11/23/2022,"Payment to Chase card ending in 6616 11/23",-824.19,ACCT_XFER,39766.32,,
DEBIT,11/22/2022,"DRAFTKINGS       DRAFTKINGS 084003999436572 WEB ID: 9044045959",-25.00,ACH_DEBIT,40590.51,,
DEBIT,11/21/2022,"Payment to Chase card ending in 6616 11/21",-783.18,ACCT_XFER,40615.51,,
DEBIT,11/18/2022,"KLARNA INC KLARNA.COM OH                     11/17",-118.06,DEBIT_CARD,41398.69,,
DEBIT,11/16/2022,"VENMO            PAYMENT    1023514201894   WEB ID: 3264681992",-150.00,MISC_DEBIT,41516.75,,
DEBIT,11/16/2022,"RAYMOND JAMES &  BROKERAGE                  PPD ID: 1591237041",-500.00,ACH_DEBIT,41666.75,,
CREDIT,11/15/2022,"INTEL CORPORATIO DIRDEP                     PPD ID: 1941672743",3131.53,ACH_CREDIT,42166.75,,
CREDIT,11/15/2022,"TRINET HR CORPOR PAYROLL                    PPD ID: 6481304650",3508.30,ACH_CREDIT,39035.22,,
DEBIT,11/14/2022,"Payment to Chase card ending in 6616 11/14",-1327.37,ACCT_XFER,35526.92,,
DEBIT,11/08/2022,"Payment to Chase card ending in 6616 11/08",-608.50,ACCT_XFER,36854.29,,
DEBIT,11/08/2022,"DEPT EDUCATION   STUDENT LN                 PPD ID: 9102001001",-273.07,ACH_DEBIT,37462.79,,
DEBIT,11/07/2022,"NON-CHASE ATM FEE-WITH",-3.00,FEE_TRANSACTION,37735.86,,
DEBIT,11/07/2022,"NON-CHASE ATM WITHDRAW               630652  11/0720375 SW",-62.50,ATM,37738.86,,
DEBIT,11/07/2022,"Online Realtime Transfer to PNC spend  1371 transaction#: 15736378204 reference#: 9736378204RX 11/07",-121.00,ACCT_XFER,37801.36,,
DEBIT,11/07/2022,"Payment to Chase card ending in 6616 11/07",-1726.41,ACCT_XFER,37922.36,,
DEBIT,11/03/2022,"Payment to Chase card ending in 6616 11/03",-1035.96,ACCT_XFER,39648.77,,
DEBIT,11/02/2022,"PL*HOADuesPaymnt WEB PMTS   QGJCD4          WEB ID: 9000375093",-295.00,ACH_DEBIT,40684.73,,
DEBIT,11/01/2022,"PENNYMAC         CASH       8191564333-0028 WEB ID: 1262049351",-1792.44,ACH_DEBIT,40979.73,,
DEBIT,11/01/2022,"BASELINE LEARNIN 5034398686                 PPD ID: 1470259040",-1840.00,ACH_DEBIT,42772.17,,
CREDIT,11/01/2022,"INTEL CORPORATIO DIRDEP                     PPD ID: 1941672743",574.14,ACH_CREDIT,44612.17,,
DEBIT,10/31/2022,"Online Realtime Transfer to PNC spend  1371 transaction#: 15672906935 reference#: 9672906935RX 10/31",-300.00,ACCT_XFER,44038.03,,
DEBIT,10/31/2022,"Payment to Chase card ending in 6616 10/31",-165.81,ACCT_XFER,44338.03,,
DEBIT,10/31/2022,"Online Payment 15671764870 To ALA 2802 10/31",-367.54,LOAN_PMT,44503.84,,
CREDIT,10/31/2022,"TRINET HR CORPOR PAYROLL                    PPD ID: 6481304650",2691.53,ACH_CREDIT,44871.38,,
CREDIT,10/31/2022,"INTEL CORPORATIO DIRDEP                     PPD ID: 1941672743",3361.98,ACH_CREDIT,42179.85,,
DEBIT,10/28/2022,"Payment to Chase card ending in 6616 10/28",-361.39,ACCT_XFER,38817.87,,
DEBIT,10/25/2022,"Payment to Chase card ending in 6616 10/25",-939.30,ACCT_XFER,39179.26,,
DEBIT,10/21/2022,"Payment to Chase card ending in 6616 10/21",-732.07,ACCT_XFER,40118.56,,
DEBIT,10/21/2022,"VILLASPORT L1966 DEBITS                     PPD ID: 2942167713",-85.00,ACH_DEBIT,40850.63,,
DEBIT,10/20/2022,"Online Payment 15585831430 To ALA 2802 10/20",-288.41,LOAN_PMT,40935.63,,
DEBIT,10/20/2022,"Online Realtime Transfer to Nate and Emily Checking  1371 transaction#: 15585808992 reference#: 9585808992RX 10/20",-400.00,ACCT_XFER,41224.04,,
DEBIT,10/17/2022,"Payment to Chase card ending in 6616 10/17",-462.48,ACCT_XFER,41624.04,,
DEBIT,10/17/2022,"RAYMOND JAMES &  BROKERAGE                  PPD ID: 1591237041",-500.00,ACH_DEBIT,42086.52,,
DEBIT,10/14/2022,"Payment to Chase card ending in 6616 10/14",-1035.97,ACCT_XFER,42586.52,,
CREDIT,10/14/2022,"INTEL CORPORATIO DIRDEP                     PPD ID: 1941672743",2695.05,ACH_CREDIT,43622.49,,
CREDIT,10/14/2022,"TRINET HR CORPOR PAYROLL                    PPD ID: 6481304650",3508.30,ACH_CREDIT,40927.44,,
DEBIT,10/11/2022,"Online Realtime Transfer to Nate and Emily Checking  1371 transaction#: 15510511039 reference#: 9510511039RX 10/11",-45.00,ACCT_XFER,37419.14,,
DEBIT,10/11/2022,"Payment to Chase card ending in 6616 10/11",-721.12,ACCT_XFER,37464.14,,
DEBIT,10/06/2022,"DEPT EDUCATION   STUDENT LN                 PPD ID: 9102001001",-273.07,ACH_DEBIT,38185.26,,
DEBIT,10/05/2022,"Payment to Chase card ending in 6616 10/05",-504.72,ACCT_XFER,38458.33,,
DEBIT,10/04/2022,"Payment to Chase card ending in 6616 10/04",-1017.00,ACCT_XFER,38963.05,,
DEBIT,10/04/2022,"PL*HOADuesPaymnt WEB PMTS   W9HG94          WEB ID: 9000375093",-295.00,ACH_DEBIT,39980.05,,
DEBIT,10/03/2022,"PENNYMAC         CASH       8191564333-0027 WEB ID: 1262049351",-1728.12,ACH_DEBIT,40275.05,,
DEBIT,10/03/2022,"ATM WITHDRAWAL                       008580  10/0116100 SW",-20.00,ATM,42003.17,,
DEBIT,10/03/2022,"BASELINE LEARNIN 5034398686                 PPD ID: 1470259040",-1845.00,ACH_DEBIT,42023.17,,
DEBIT,09/30/2022,"Payment to Chase card ending in 6616 09/30",-724.68,ACCT_XFER,43868.17,,
CREDIT,09/30/2022,"TRINET HR CORPOR PAYROLL                    PPD ID: 6481304650",2691.61,ACH_CREDIT,44592.85,,
CREDIT,09/30/2022,"INTEL CORPORATIO DIRDEP                     PPD ID: 1941672743",2695.00,ACH_CREDIT,41901.24,,
DEBIT,09/27/2022,"Payment to Chase card ending in 6616 09/27",-1034.53,ACCT_XFER,39206.24,,
DEBIT,09/27/2022,"Online Realtime Transfer to Nate and Emily Checking  1371 transaction#: 15393691008 reference#: 9393691008RX 09/27",-50.00,ACCT_XFER,40240.77,,
DEBIT,09/22/2022,"Online Realtime Transfer to Nate and Emily Checking  1371 transaction#: 15352919919 reference#: 9352919919RX 09/22",-400.00,ACCT_XFER,40290.77,,
CREDIT,09/22/2022,"INTEL CORPORATIO DIRDEP                     PPD ID: 1941672743",250.00,ACH_CREDIT,40690.77,,
DEBIT,09/20/2022,"Online Realtime Transfer to Nate and Emily Checking  1371 transaction#: 15337770975 reference#: 9337770975RX 09/20",-500.00,ACCT_XFER,40440.77,,
DEBIT,09/20/2022,"Payment to Chase card ending in 6616 09/20",-1273.95,ACCT_XFER,40940.77,,
DEBIT,09/16/2022,"RAYMOND JAMES &  BROKERAGE                  PPD ID: 1591237041",-500.00,ACH_DEBIT,42214.72,,
DEBIT,09/15/2022,"Payment to Chase card ending in 6616 09/15",-1114.22,ACCT_XFER,42714.72,,
CREDIT,09/15/2022,"INTEL CORPORATIO DIRDEP                     PPD ID: 1941672743",2695.00,ACH_CREDIT,43828.94,,
CREDIT,09/15/2022,"TRINET HR CORPOR PAYROLL                    PPD ID: 6481304650",3508.29,ACH_CREDIT,41133.94,,
DEBIT,09/12/2022,"Payment to Chase card ending in 6616 09/12",-162.08,ACCT_XFER,37625.65,,
DEBIT,09/12/2022,"Payment to Chase card ending in 6616 09/12",-162.08,ACCT_XFER,37787.73,,
DEBIT,09/09/2022,"Payment to Chase card ending in 6616 09/09",-485.85,ACCT_XFER,37949.81,,
DEBIT,09/07/2022,"DEPT EDUCATION   STUDENT LN                 PPD ID: 9102001001",-273.07,ACH_DEBIT,38435.66,,
DEBIT,09/06/2022,"Payment to Chase card ending in 6616 09/06",-375.05,ACCT_XFER,38708.73,,
DEBIT,09/06/2022,"Payment to Chase card ending in 6616 09/06",-656.93,ACCT_XFER,39083.78,,
CREDIT,09/06/2022,"INTEL CORPORATIO DIRDEP                     PPD ID: 1941672743",8.28,ACH_CREDIT,39740.71,,
DEBIT,09/02/2022,"PL*HOADuesPaymnt WEB PMTS   HM5C64          WEB ID: 9000375093",-295.00,ACH_DEBIT,39732.43,,
DEBIT,09/01/2022,"PENNYMAC         CASH       8191564333-0026 WEB ID: 1262049351",-1728.12,ACH_DEBIT,40027.43,,
DEBIT,09/01/2022,"BASELINE LEARNIN 5034398686                 PPD ID: 1470259040",-1840.00,ACH_DEBIT,41755.55,,
CREDIT,08/31/2022,"TRINET HR CORPOR PAYROLL                    PPD ID: 6481304650",2691.44,ACH_CREDIT,43595.55,,
CREDIT,08/31/2022,"INTEL CORPORATIO DIRDEP                     PPD ID: 1941672743",2695.00,ACH_CREDIT,40904.11,,
DEBIT,08/29/2022,"Online Realtime Transfer to Nate and Emily Checking  1371 transaction#: 15164550972 reference#: 9164550972RX 08/29",-1000.00,ACCT_XFER,38209.11,,
DEBIT,08/29/2022,"Online Realtime Transfer to Nate and Emily Checking  1371 transaction#: 15163603223 reference#: 9163603223RX 08/29",-180.00,ACCT_XFER,39209.11,,
DEBIT,08/29/2022,"Payment to Chase card ending in 6616 08/29",-578.67,ACCT_XFER,39389.11,,
DEBIT,08/25/2022,"Online Realtime Transfer to Nate and Emily Checking  1371 transaction#: 15128693584 reference#: 9128693584RX 08/25",-150.00,ACCT_XFER,39967.78,,
DEBIT,08/24/2022,"Payment to Chase card ending in 6616 08/24",-527.74,ACCT_XFER,40117.78,,
DEBIT,08/24/2022,"Online Realtime Transfer to Nate and Emily Checking  1371 transaction#: 15125123400 reference#: 9125123400RX 08/24",-182.00,ACCT_XFER,40645.52,,
DEBIT,08/22/2022,"Payment to Chase card ending in 6616 08/22",-263.27,ACCT_XFER,40827.52,,
DEBIT,08/22/2022,"Online Realtime Transfer to Nate and Emily Checking  1371 transaction#: 15096656923 reference#: 9096656923RX 08/22",-700.00,ACCT_XFER,41090.79,,
DEBIT,08/19/2022,"Payment to Chase card ending in 6616 08/19",-369.81,ACCT_XFER,41790.79,,
DEBIT,08/16/2022,"RAYMOND JAMES &  BROKERAGE                  PPD ID: 1591237041",-500.00,ACH_DEBIT,42160.60,,
DEBIT,08/15/2022,"Payment to Chase card ending in 6616 08/15",-479.26,ACCT_XFER,42660.60,,
DEBIT,08/15/2022,"Online Realtime Transfer to Nate and Emily Checking  1371 transaction#: 15058892367 reference#: 9058892367RX 08/15",-260.00,ACCT_XFER,43139.86,,
CREDIT,08/15/2022,"INTEL CORPORATIO DIRDEP                     PPD ID: 1941672743",2820.01,ACH_CREDIT,43399.86,,
CREDIT,08/15/2022,"TRINET HR CORPOR PAYROLL                    PPD ID: 6481304650",3508.21,ACH_CREDIT,40579.85,,
DEBIT,08/11/2022,"Payment to Chase card ending in 6616 08/11",-563.61,ACCT_XFER,37071.64,,
DEBIT,08/08/2022,"CHASE CREDIT CRD EPAY ONUS  6121619235      WEB ID: 5760039224",-254.08,ACH_DEBIT,37635.25,,
DEBIT,08/08/2022,"Online Realtime Transfer to Nate and Emily Checking  1371 transaction#: 14995225212 reference#: 9995225212RX 08/08",-100.00,ACCT_XFER,37889.33,,
DEBIT,08/08/2022,"Online Realtime Transfer to Nate and Emily Checking  1371 transaction#: 14995222392 reference#: 9995222392RX 08/08",-1420.00,ACCT_XFER,37989.33,,
DEBIT,08/08/2022,"DEPT EDUCATION   STUDENT LN                 PPD ID: 9102001001",-273.07,ACH_DEBIT,39409.33,,
DEBIT,08/04/2022,"Payment to Chase card ending in 6616 08/04",-467.87,ACCT_XFER,39682.40,,
DEBIT,08/03/2022,"VillaSport LLC   EFT                        PPD ID: 1510555505",-32.12,ACH_DEBIT,40150.27,,
DEBIT,08/02/2022,"PL*HOADuesPaymnt WEB PMTS   PBTB34          WEB ID: 9000375093",-295.00,ACH_DEBIT,40182.39,,
DEBIT,08/02/2022,"PDX AIRPORT PARKING PORTLAND OR              08/01",-180.00,DEBIT_CARD,40477.39,,
CREDIT,08/02/2022,"INTEL CORPORATIO DIRDEP                     PPD ID: 1941672743",307.95,ACH_CREDIT,40657.39,,
DEBIT,08/01/2022,"PENNYMAC         CASH       8191564333-0025 WEB ID: 1262049351",-1728.12,ACH_DEBIT,40349.44,,
DEBIT,08/01/2022,"Payment to Chase card ending in 6616 08/01",-187.18,ACCT_XFER,42077.56,,
DEBIT,08/01/2022,"Online Realtime Transfer to Nate and Emily Checking  1371 transaction#: 14936380190 reference#: 9936380190RX 08/01",-1052.00,ACCT_XFER,42264.74,,
DEBIT,08/01/2022,"BASELINE LEARNIN 5034398686                 PPD ID: 1470259040",-1840.00,ACH_DEBIT,43316.74,,
CREDIT,07/29/2022,"TRINET HR CORPOR PAYROLL                    PPD ID: 6481304650",2692.18,ACH_CREDIT,45156.74,,
CREDIT,07/29/2022,"INTEL CORPORATIO DIRDEP                     PPD ID: 1941672743",3257.47,ACH_CREDIT,42464.56,,
DEBIT,07/28/2022,"Payment to Chase card ending in 6616 07/28",-401.55,ACCT_XFER,39207.09,,
DEBIT,07/26/2022,"KROGER #6 38 SHELTER C HILTON HEAD SC        07/26 Purchase $12.15 Cash Back $20.00",-32.15,DEBIT_CARD,39608.64,,
DEBIT,07/25/2022,"Payment to Chase card ending in 6616 07/25",-331.65,ACCT_XFER,39640.79,,
DEBIT,07/22/2022,"Online Realtime Transfer to Nate and Emily Checking  1371 transaction#: 14873424068 reference#: 9873424068RX 07/22",-600.00,ACCT_XFER,39972.44,,
DEBIT,07/22/2022,"VENMO            PAYMENT    1021337470943   WEB ID: 3264681992",-33.33,ACH_DEBIT,40572.44,,
DEBIT,07/20/2022,"Online Realtime Transfer to Nate and Emily Checking  1371 transaction#: 14850086655 reference#: 9850086655RX 07/20",-200.00,ACCT_XFER,40605.77,,
DEBIT,07/18/2022,"Payment to Chase card ending in 6616 07/18",-356.57,ACCT_XFER,40805.77,,
DEBIT,07/18/2022,"RAYMOND JAMES &  BROKERAGE                  PPD ID: 1591237041",-500.00,ACH_DEBIT,41162.34,,
CREDIT,07/15/2022,"TRINET HR CORPOR PAYROLL                    PPD ID: 6481304650",2691.72,ACH_CREDIT,41662.34,,
CREDIT,07/15/2022,"INTEL CORPORATIO DIRDEP                     PPD ID: 1941672743",3534.62,ACH_CREDIT,38970.62,,
CREDIT,07/14/2022,"TRINET HR CORPOR PAYROLL                    PPD ID: 6481304650",276.25,ACH_CREDIT,35436.00,,
DEBIT,07/13/2022,"Payment to Chase card ending in 6616 07/13",-1236.23,ACCT_XFER,35159.75,,
DEBIT,07/13/2022,"Online Realtime Transfer to Nate and Emily Checking  1371 transaction#: 14799965450 reference#: 9799965450RX 07/13",-230.00,ACCT_XFER,36395.98,,
DEBIT,07/13/2022,"VENMO            PAYMENT    1021193661322   WEB ID: 3264681992",-10.00,ACH_DEBIT,36625.98,,
DEBIT,07/06/2022,"DEPT EDUCATION   STUDENT LN                 PPD ID: 9102001001",-273.07,ACH_DEBIT,36635.98,,
DEBIT,07/06/2022,"Payment to Chase card ending in 6616 07/06",-468.37,ACCT_XFER,36909.05,,
DEBIT,07/05/2022,"VillaSport LLC   EFT                        PPD ID: 1510555505",-166.00,ACH_DEBIT,37377.42,,
DEBIT,07/05/2022,"PL*HOADuesPaymnt WEB PMTS   Y6XC04          WEB ID: 9000375093",-295.00,ACH_DEBIT,37543.42,,
DEBIT,07/05/2022,"Payment to Chase card ending in 6616 07/05",-546.70,ACCT_XFER,37838.42,,
DEBIT,07/05/2022,"Online Realtime Transfer to Nate and Emily Checking  1371 transaction#: 14733495668 reference#: 9733495668RX 07/05",-659.00,ACCT_XFER,38385.12,,
DEBIT,07/05/2022,"Payment to Chase card ending in 6616 07/05",-1972.35,ACCT_XFER,39044.12,,
DEBIT,07/01/2022,"PENNYMAC         CASH       8191564333-0024 WEB ID: 1262049351",-1728.12,ACH_DEBIT,41016.47,,
DEBIT,07/01/2022,"BASELINE LEARNIN 5034398686                 PPD ID: 1470259040",-1840.00,ACH_DEBIT,42744.59,,
CREDIT,06/30/2022,"INTEL CORPORATIO DIRDEP                     PPD ID: 1941672743",497.90,ACH_CREDIT,44584.59,,
CREDIT,06/30/2022,"TRINET HR CORPOR PAYROLL                    PPD ID: 6481304650",2691.80,ACH_CREDIT,44086.69,,
CREDIT,06/30/2022,"INTEL CORPORATIO DIRDEP                     PPD ID: 1941672743",2980.36,ACH_CREDIT,41394.89,,
DEBIT,06/27/2022,"Payment to Chase card ending in 6616 06/27",-913.92,ACCT_XFER,38414.53,,
DEBIT,06/27/2022,"Online Realtime Transfer to Nate and Emily Checking  1371 transaction#: 14662802995 reference#: 9662802995RX 06/27",-439.00,ACCT_XFER,39328.45,,
DEBIT,06/22/2022,"DRAFTKINGS       DRAFTKINGS 084003997534092 WEB ID: 9044045959",-10.00,ACH_DEBIT,39767.45,,
DEBIT,06/21/2022,"Payment to Chase card ending in 6616 06/21",-639.07,ACCT_XFER,39777.45,,
DEBIT,06/21/2022,"Online Realtime Transfer to Nate and Emily Checking  1371 transaction#: 14625846560 reference#: 9625846560RX 06/21",-262.00,ACCT_XFER,40416.52,,
DEBIT,06/17/2022,"BASELINE LEARNIN 5034398686                 PPD ID: 1470259040",-832.00,ACH_DEBIT,40678.52,,
DEBIT,06/16/2022,"RAYMOND JAMES &  BROKERAGE                  PPD ID: 1591237041",-500.00,ACH_DEBIT,41510.52,,
DEBIT,06/15/2022,"Payment to Chase card ending in 6616 06/15",-648.73,ACCT_XFER,42010.52,,
DEBIT,06/15/2022,"Online Realtime Transfer to Nate and Emily Checking  1371 transaction#: 14584915601 reference#: 9584915601RX 06/15",-136.00,ACCT_XFER,42659.25,,
CREDIT,06/15/2022,"TRINET HR CORPOR PAYROLL                    PPD ID: 6481304650",2691.54,ACH_CREDIT,42795.25,,
CREDIT,06/15/2022,"INTEL CORPORATIO DIRDEP                     PPD ID: 1941672743",3256.52,ACH_CREDIT,40103.71,,
CREDIT,06/15/2022,"TRINET HR CORPOR PAYROLL                    PPD ID: 6481304650",3315.00,ACH_CREDIT,36847.19,,
DEBIT,06/09/2022,"Payment to Chase card ending in 6616 06/09",-1770.07,ACCT_XFER,33532.19,,
DEBIT,06/09/2022,"Online Realtime Transfer to Nate and Emily Checking  1371 transaction#: 14541639863 reference#: 9541639863RX 06/09",-334.00,ACCT_XFER,35302.26,,
DEBIT,06/07/2022,"VILLASPORT LLC   EFT                        PPD ID: 1510555505",-149.40,ACH_DEBIT,35636.26,,
DEBIT,06/07/2022,"DEPT EDUCATION   STUDENT LN                 PPD ID: 9102001001",-273.07,ACH_DEBIT,35785.66,,
DEBIT,06/06/2022,"VILLASPORT LLC   EFT                        PPD ID: 1510555505",-58.00,ACH_DEBIT,36058.73,,
DEBIT,06/03/2022,"Payment to Chase card ending in 6616 06/03",-716.16,ACCT_XFER,36116.73,,
DEBIT,06/03/2022,"Online Realtime Transfer to Nate and Emily Checking  1371 transaction#: 14490314886 reference#: 9490314886RX 06/03",-760.00,ACCT_XFER,36832.89,,
DEBIT,06/02/2022,"PL*HOADuesPaymnt WEB PMTS   VJZFX3          WEB ID: 9000375093",-295.00,ACH_DEBIT,37592.89,,
DEBIT,06/01/2022,"PENNYMAC         CASH       8191564333-0023 WEB ID: 1262049351",-1728.12,ACH_DEBIT,37887.89,,
DEBIT,06/01/2022,"BASELINE LEARNIN 5034398686                 PPD ID: 1470259040",-1008.00,ACH_DEBIT,39616.01,,
DEBIT,05/31/2022,"VENMO            PAYMENT    1020361856069   WEB ID: 3264681992",-20.00,ACH_DEBIT,40624.01,,
DEBIT,05/31/2022,"Payment to Chase card ending in 6616 05/31",-550.15,ACCT_XFER,40644.01,,
DEBIT,05/31/2022,"Online Realtime Transfer to Nate and Emily Checking  1371 transaction#: 14455135796 reference#: 9455135796RX 05/31",-536.00,ACCT_XFER,41194.16,,
CREDIT,05/31/2022,"TRINET HR CORPOR PAYROLL                    PPD ID: 6481304650",2691.52,ACH_CREDIT,41730.16,,
CREDIT,05/31/2022,"INTEL CORPORATIO DIRDEP                     PPD ID: 1941672743",3256.53,ACH_CREDIT,39038.64,,
DEBIT,05/25/2022,"RAYMOND JAMES &  BROKERAGE                  PPD ID: 1591237041",-1000.00,ACH_DEBIT,35782.11,,
DEBIT,05/25/2022,"Payment to Chase card ending in 6616 05/25",-425.68,ACCT_XFER,36782.11,,
DEBIT,05/23/2022,"Payment to Chase card ending in 6616 05/23",-1239.43,ACCT_XFER,37207.79,,
DEBIT,05/23/2022,"Online Realtime Transfer to Nate and Emily Checking  1371 transaction#: 14409592754 reference#: 9409592754RX 05/23",-670.00,ACCT_XFER,38447.22,,
DEBIT,05/23/2022,"VENMO            PAYMENT    1020231930499   WEB ID: 3264681992",-20.00,ACH_DEBIT,39117.22,,
DEBIT,05/18/2022,"Payment to Chase card ending in 6616 05/18",-605.55,ACCT_XFER,39137.22,,
DEBIT,05/18/2022,"Online Realtime Transfer to Nate and Emily Checking  1371 transaction#: 14374243405 reference#: 9374243405RX 05/18",-272.00,ACCT_XFER,39742.77,,
CREDIT,05/16/2022,"RAYMOND JAMES &  BROKERAGE                  PPD ID: 1591237041",500.00,ACH_CREDIT,40014.77,,
DEBIT,05/13/2022,"PL*PAYLEASE      WEB PMTS   VFSBW3          WEB ID: 9000287225",-3.15,ACH_DEBIT,39514.77,,
DEBIT,05/13/2022,"PL*HOADuesPaymnt WEB PMTS   G1TBW3          WEB ID: 9000375093",-50.00,ACH_DEBIT,39517.92,,
CREDIT,05/13/2022,"TRINET HR CORPOR PAYROLL                    PPD ID: 6481304650",2354.33,ACH_CREDIT,39567.92,,
CREDIT,05/13/2022,"INTEL CORPORATIO DIRDEP                     PPD ID: 1941672743",3256.52,ACH_CREDIT,37213.59,,
DEBIT,05/12/2022,"Payment to Chase card ending in 6616 05/12",-832.80,ACCT_XFER,33957.07,,
DEBIT,05/12/2022,"Online Realtime Transfer to Nate and Emily Checking  1371 transaction#: 14323129552 reference#: 9323129552RX 05/12",-834.00,ACCT_XFER,34789.87,,
DEBIT,05/09/2022,"VENMO            PAYMENT    1019992502152   WEB ID: 3264681992",-30.00,ACH_DEBIT,35623.87,,
DEBIT,05/09/2022,"Online Realtime Transfer to Nate and Emily Checking  1371 transaction#: 14300442653 reference#: 9300442653RX 05/09",-547.00,ACCT_XFER,35653.87,,
DEBIT,05/09/2022,"Payment to Chase card ending in 6616 05/09",-107.34,ACCT_XFER,36200.87,,
DEBIT,05/09/2022,"Online Realtime Transfer to Nate and Emily Checking  1371 transaction#: 14296006984 reference#: 9296006984RX 05/09",-547.00,ACCT_XFER,36308.21,,
DEBIT,05/06/2022,"DEPT EDUCATION   STUDENT LN                 PPD ID: 9102001001",-273.07,ACH_DEBIT,36855.21,,
DEBIT,05/03/2022,"Online Payment 14257637898 To ALA 2802 05/03",-740.19,LOAN_PMT,37128.28,,
DEBIT,05/03/2022,"Payment to Chase card ending in 6616 05/03",-164.31,ACCT_XFER,37868.47,,
DEBIT,05/03/2022,"Online Realtime Transfer to Nate and Emily Checking  1371 transaction#: 14257606782 reference#: 9257606782RX 05/03",-116.00,ACCT_XFER,38032.78,,
DEBIT,05/03/2022,"PL*HOADuesPaymnt WEB PMTS   LF4MT3          WEB ID: 9000375093",-285.00,ACH_DEBIT,38148.78,,
CREDIT,05/03/2022,"INTEL CORPORATIO DIRDEP                     PPD ID: 1941672743",2087.23,ACH_CREDIT,38433.78,,
DEBIT,05/02/2022,"Payment to Chase card ending in 6616 05/02",-164.07,ACCT_XFER,36346.55,,
DEBIT,05/02/2022,"Online Realtime Transfer to Nate and Emily Checking  1371 transaction#: 14248089726 reference#: 9248089726RX 05/02",-1326.00,ACCT_XFER,36510.62,,
DEBIT,05/02/2022,"VENMO            PAYMENT    1019864330388   WEB ID: 3264681992",-30.00,ACH_DEBIT,37836.62,,
DEBIT,05/02/2022,"PENNYMAC         CASH       8191564333-0022 WEB ID: 1262049351",-1728.12,ACH_DEBIT,37866.62,,
DEBIT,05/02/2022,"BASELINE LEARNIN 5034398686                 PPD ID: 1470259040",-1840.00,ACH_DEBIT,39594.74,,
DEBIT,04/29/2022,"Payment to Chase card ending in 6616 04/29",-267.80,ACCT_XFER,41434.74,,
CREDIT,04/29/2022,"TRINET HR CORPOR PAYROLL                    PPD ID: 6481304650",2354.22,ACH_CREDIT,41702.54,,
CREDIT,04/29/2022,"INTEL CORPORATIO DIRDEP                     PPD ID: 1941672743",3548.22,ACH_CREDIT,39348.32,,
DEBIT,04/25/2022,"DRAFTKINGS       DRAFTKINGS 084003998789367 WEB ID: 9044045959",-25.00,ACH_DEBIT,35800.10,,
DEBIT,04/25/2022,"Payment to Chase card ending in 6616 04/25",-270.22,ACCT_XFER,35825.10,,
DEBIT,04/25/2022,"Online Realtime Transfer to Nate and Emily Checking  1371 transaction#: 14179368103 reference#: 9179368103RX 04/25",-900.00,ACCT_XFER,36095.32,,
DSLIP,04/25/2022,"REMOTE ONLINE DEPOSIT #          1",10.00,CHECK_DEPOSIT,36995.32,1,
DEBIT,04/20/2022,"Payment to Chase card ending in 6616 04/20",-523.93,ACCT_XFER,36985.32,,
DEBIT,04/20/2022,"Online Realtime Transfer to Nate and Emily Checking  1371 transaction#: 14155202588 reference#: 9155202588RX 04/20",-400.00,ACCT_XFER,37509.25,,
DEBIT,04/18/2022,"RAYMOND JAMES &  BROKERAGE                  PPD ID: 1591237041",-20000.00,ACH_DEBIT,37909.25,,
DSLIP,04/18/2022,"REMOTE ONLINE DEPOSIT #          1",1450.00,CHECK_DEPOSIT,57909.25,1,
CREDIT,04/15/2022,"TRINET HR CORPOR PAYROLL                    PPD ID: 6481304650",2354.14,ACH_CREDIT,56459.25,,
CREDIT,04/15/2022,"INTEL CORPORATIO DIRDEP                     PPD ID: 1941672743",3256.53,ACH_CREDIT,54105.11,,
DEBIT,04/13/2022,"Payment to Chase card ending in 6616 04/13",-539.73,ACCT_XFER,50848.58,,
DEBIT,04/13/2022,"Online Realtime Transfer to Nate and Emily Checking  1371 transaction#: 14103873836 reference#: 9103873836RX 04/13",-300.00,ACCT_XFER,51388.31,,
DEBIT,04/08/2022,"Online Realtime Transfer to Nate and Emily Checking  1371 transaction#: 14069626136 reference#: 9069626136RX 04/08",-332.00,ACCT_XFER,51688.31,,
DEBIT,04/06/2022,"DEPT EDUCATION   STUDENT LN                 PPD ID: 9102001001",-273.07,ACH_DEBIT,52020.31,,
DEBIT,04/06/2022,"Online Realtime Transfer to Nate and Emily Checking  1371 transaction#: 14050458257 reference#: 9050458257RX 04/06",-2900.00,ACCT_XFER,52293.38,,
DEBIT,04/05/2022,"Payment to Chase card ending in 6616 04/05",-697.96,ACCT_XFER,55193.38,,
DEBIT,04/05/2022,"Online Realtime Transfer to Nate and Emily Checking  1371 transaction#: 14042694654 reference#: 9042694654RX 04/05",-1199.00,ACCT_XFER,55891.34,,
DEBIT,04/04/2022,"VENMO            PAYMENT    1019339798716   WEB ID: 3264681992",-85.00,ACH_DEBIT,57090.34,,
DEBIT,04/04/2022,"VENMO            PAYMENT    1019323855003   WEB ID: 3264681992",-201.00,ACH_DEBIT,57175.34,,
DEBIT,04/04/2022,"PL*HOADuesPaymnt WEB PMTS   HMDPQ3          WEB ID: 9000375093",-285.00,ACH_DEBIT,57376.34,,
CREDIT,04/04/2022,"VENMO            CASHOUT                    PPD ID: 5264681992",73.00,ACH_CREDIT,57661.34,,
DEBIT,04/01/2022,"PENNYMAC         CASH       8191564333-0021 WEB ID: 1262049351",-1728.12,ACH_DEBIT,57588.34,,
DEBIT,04/01/2022,"BASELINE LEARNIN 5034398686                 PPD ID: 1470259040",-1840.00,ACH_DEBIT,59316.46,,
CREDIT,04/01/2022,"INTEL CORPORATIO DIRDEP                     PPD ID: 1941672743",250.00,ACH_CREDIT,61156.46,,
CREDIT,03/31/2022,"TRINET HR CORPOR PAYROLL                    PPD ID: 6481304650",2364.38,ACH_CREDIT,60906.46,,
CREDIT,03/31/2022,"INTEL CORPORATIO DIRDEP                     PPD ID: 1941672743",3223.13,ACH_CREDIT,58542.08,,
DEBIT,03/30/2022,"Online Realtime Transfer to Nate and Emily Checking  1371 transaction#: 13992966104 reference#: 9992966104RX 03/30",-800.00,ACCT_XFER,55318.95,,
DEBIT,03/30/2022,"Payment to Chase card ending in 6616 03/30",-335.73,ACCT_XFER,56118.95,,
DEBIT,03/25/2022,"Payment to Chase card ending in 6616 03/25",-732.73,ACCT_XFER,56454.68,,
DEBIT,03/25/2022,"Online Realtime Transfer to Nate and Emily Checking  1371 transaction#: 13955009232 reference#: 9955009232RX 03/25",-1232.00,ACCT_XFER,57187.41,,
DEBIT,03/22/2022,"Online Realtime Transfer to Nate and Emily Checking  1371 transaction#: 13939280564 reference#: 9939280564RX 03/22",-300.00,ACCT_XFER,58419.41,,
DEBIT,03/18/2022,"Payment to Chase card ending in 6616 03/18",-171.56,ACCT_XFER,58719.41,,
DEBIT,03/18/2022,"Online Realtime Transfer to Nate and Emily Checking  1371 transaction#: 13906624290 reference#: 9906624290RX 03/18",-824.00,ACCT_XFER,58890.97,,
DEBIT,03/15/2022,"Online Realtime Transfer to Nate and Emily Checking  1371 transaction#: 13882568784 reference#: 9882568784RX 03/15",-459.00,ACCT_XFER,59714.97,,
DEBIT,03/15/2022,"Payment to Chase card ending in 6616 03/15",-131.72,ACCT_XFER,60173.97,,
CREDIT,03/15/2022,"INTEL CORPORATIO DIRDEP                     PPD ID: 1941672743",3223.13,ACH_CREDIT,60305.69,,
CREDIT,03/15/2022,"TRINET HR CORPOR PAYROLL                    PPD ID: 6481304650",3727.00,ACH_CREDIT,57082.56,,
DEBIT,03/14/2022,"DRAFTKINGS       DRAFTKINGS 084003991503006 WEB ID: 9044045959",-10.00,ACH_DEBIT,53355.56,,
CREDIT,03/11/2022,"INTEL CORPORATIO DIRDEP                     PPD ID: 1941672743",11.11,ACH_CREDIT,53365.56,,
DEBIT,03/10/2022,"Payment to Chase card ending in 6616 03/10",-339.06,ACCT_XFER,53354.45,,
DEBIT,03/10/2022,"Online Realtime Transfer to Nate and Emily Checking  1371 transaction#: 13847248329 reference#: 9847248329RX 03/10",-517.00,ACCT_XFER,53693.51,,
DEBIT,03/08/2022,"DRAFTKINGS       DRAFTKINGS 084003999431317 WEB ID: 9044045959",-10.00,ACH_DEBIT,54210.51,,
DEBIT,03/08/2022,"DEPT EDUCATION   STUDENT LN                 PPD ID: 9102001001",-273.07,ACH_DEBIT,54220.51,,
DEBIT,03/04/2022,"Payment to Chase card ending in 6616 03/04",-57.20,ACCT_XFER,54493.58,,
DEBIT,03/04/2022,"Online Realtime Transfer to Nate and Emily Checking  1371 transaction#: 13809058693 reference#: 9809058693RX 03/04",-857.00,ACCT_XFER,54550.78,,
DEBIT,03/02/2022,"PL*HOADuesPaymnt WEB PMTS   0G1RM3          WEB ID: 9000375093",-285.00,ACH_DEBIT,55407.78,,
DEBIT,03/01/2022,"PENNYMAC         CASH       8191564333-0020 WEB ID: 1262049351",-1728.12,ACH_DEBIT,55692.78,,
DEBIT,03/01/2022,"Payment to Chase card ending in 6616 03/01",-96.75,ACCT_XFER,57420.90,,
DEBIT,03/01/2022,"Online Realtime Transfer to Nate and Emily Checking  1371 transaction#: 13779432112 reference#: 9779432112RX 03/01",-876.00,ACCT_XFER,57517.65,,
DEBIT,03/01/2022,"BASELINE LEARNIN 5034398686                 PPD ID: 1470259040",-1932.00,ACH_DEBIT,58393.65,,
DEBIT,02/28/2022,"DRAFTKINGS       DRAFTKINGS 084003998064653 WEB ID: 9044045959",-10.00,ACH_DEBIT,60325.65,,
CREDIT,02/28/2022,"TRINET HR CORPOR PAYROLL                    PPD ID: 6481304650",2364.65,ACH_CREDIT,60335.65,,
CREDIT,02/28/2022,"INTEL CORPORATIO DIRDEP                     PPD ID: 1941672743",3223.13,ACH_CREDIT,57971.00,,
DEBIT,02/25/2022,"Online Realtime Transfer to Nate and Emily Checking  1371 transaction#: 13745290260 reference#: 9745290260RX 02/25",-600.00,ACCT_XFER,54747.87,,
DEBIT,02/23/2022,"Payment to Chase card ending in 6616 02/23",-150.94,ACCT_XFER,55347.87,,
DEBIT,02/23/2022,"Online Realtime Transfer to Nate and Emily Checking  1371 transaction#: 13730997647 reference#: 9730997647RX 02/23",-763.00,ACCT_XFER,55498.81,,
DEBIT,02/22/2022,"Payment to Chase card ending in 6616 02/22",-158.58,ACCT_XFER,56261.81,,
DEBIT,02/22/2022,"Online Realtime Transfer to Nate and Emily Checking  1371 transaction#: 13711399245 reference#: 9711399245RX 02/22",-678.00,ACCT_XFER,56420.39,,
DEBIT,02/22/2022,"BASELINE LEARNIN 5034398686                 PPD ID: 1470259040",-140.00,ACH_DEBIT,57098.39,,
DEBIT,02/15/2022,"Payment to Chase card ending in 6616 02/15",-312.17,ACCT_XFER,57238.39,,
CREDIT,02/15/2022,"TRINET HR CORPOR PAYROLL                    PPD ID: 6481304650",2364.65,ACH_CREDIT,57550.56,,
CREDIT,02/15/2022,"INTEL CORPORATIO DIRDEP                     PPD ID: 1941672743",3223.13,ACH_CREDIT,55185.91,,
DEBIT,02/11/2022,"Payment to Chase card ending in 6616 02/11",-152.99,ACCT_XFER,51962.78,,
DEBIT,02/11/2022,"Online Realtime Transfer to Nate and Emily Checking  1371 transaction#: 13643298409 reference#: 9643298409RX 02/11",-640.00,ACCT_XFER,52115.77,,
DEBIT,02/10/2022,"DRAFTKINGS       DRAFTKINGS 084003994219956 WEB ID: 9044045959",-20.00,ACH_DEBIT,52755.77,,
DEBIT,02/08/2022,"Payment to Chase card ending in 6616 02/08",-143.33,ACCT_XFER,52775.77,,
DEBIT,02/08/2022,"DEPT EDUCATION   STUDENT LN                 PPD ID: 9102001001",-273.07,ACH_DEBIT,52919.10,,
CREDIT,02/08/2022,"INTEL CORPORATIO DIRDEP                     PPD ID: 1941672743",5618.05,ACH_CREDIT,53192.17,,
DEBIT,02/07/2022,"Payment to Chase card ending in 6616 02/07",-748.68,ACCT_XFER,47574.12,,
DEBIT,02/07/2022,"Online Realtime Transfer to Nate and Emily Checking  1371 transaction#: 13606650912 reference#: 9606650912RX 02/07",-2400.00,ACCT_XFER,48322.80,,
DEBIT,02/02/2022,"PL*HOADuesPaymnt WEB PMTS   R4F1K3          WEB ID: 9000375093",-285.00,ACH_DEBIT,50722.80,,
DEBIT,02/01/2022,"PENNYMAC         CASH       8191564333-0019 WEB ID: 1262049351",-1728.12,ACH_DEBIT,51007.80,,
CREDIT,02/01/2022,"INTEL CORPORATIO DIRDEP                     PPD ID: 1941672743",243.26,ACH_CREDIT,52735.92,,
DEBIT,01/31/2022,"Payment to Chase card ending in 6616 01/31",-601.46,ACCT_XFER,52492.66,,
DEBIT,01/31/2022,"Online Realtime Transfer to Nate and Emily Checking  1371 transaction#: 13563572016 reference#: 9563572016RX 01/31",-600.00,ACCT_XFER,53094.12,,
DEBIT,01/31/2022,"VENMO            PAYMENT    1018182891080   WEB ID: 3264681992",-185.00,ACH_DEBIT,53694.12,,
CREDIT,01/31/2022,"TRINET HR CORPOR PAYROLL                    PPD ID: 6481304650",2364.57,ACH_CREDIT,53879.12,,
CREDIT,01/31/2022,"INTEL CORPORATIO DIRDEP                     PPD ID: 1941672743",4145.90,ACH_CREDIT,51514.55,,
DEBIT,01/25/2022,"Payment to Chase card ending in 6616 01/25",-436.88,ACCT_XFER,47368.65,,
DEBIT,01/25/2022,"Online Realtime Transfer to Nate and Emily Checking  1371 transaction#: 13521075645 reference#: 9521075645RX 01/25",-832.00,ACCT_XFER,47805.53,,
DEBIT,01/21/2022,"Online Realtime Transfer to Nate and Emily Checking  1371 transaction#: 13496123994 reference#: 9496123994RX 01/21",-1500.00,ACCT_XFER,48637.53,,
DEBIT,01/19/2022,"DRAFTKINGS       DRAFTKINGS 084003998992856 WEB ID: 9044045959",-50.00,ACH_DEBIT,50137.53,,
DEBIT,01/19/2022,"Payment to Chase card ending in 6616 01/19",-393.50,ACCT_XFER,50187.53,,
DEBIT,01/19/2022,"Online Realtime Transfer to Nate and Emily Checking  1371 transaction#: 13478820056 reference#: 9478820056RX 01/19",-1100.00,ACCT_XFER,50581.03,,
CREDIT,01/14/2022,"TRINET HR CORPOR PAYROLL                    PPD ID: 6481304650",2561.56,ACH_CREDIT,51681.03,,
CREDIT,01/14/2022,"INTEL CORPORATIO DIRDEP                     PPD ID: 1941672743",4630.88,ACH_CREDIT,49119.47,,
DEBIT,01/12/2022,"Payment to Chase card ending in 6616 01/12",-290.31,ACCT_XFER,44488.59,,
DEBIT,01/12/2022,"Online Realtime Transfer to Nate and Emily Checking  1371 transaction#: 13433240727 reference#: 9433240727RX 01/12",-1000.00,ACCT_XFER,44778.90,,
DEBIT,01/07/2022,"Online Realtime Transfer to Nate and Emily Checking  1371 transaction#: 13401551728 reference#: 9401551728RX 01/07",-300.00,ACCT_XFER,45778.90,,
DEBIT,01/05/2022,"Online Realtime Transfer to Nate and Emily Checking  1371 transaction#: 13388331150 reference#: 9388331150RX 01/05",-1600.00,ACCT_XFER,46078.90,,
DEBIT,01/04/2022,"PL*HOADuesPaymnt WEB PMTS   ZDC9G3          WEB ID: 9000375093",-285.00,ACH_DEBIT,47678.90,,
DEBIT,01/04/2022,"Payment to Chase card ending in 6616 01/04",-382.22,ACCT_XFER,47963.90,,
DEBIT,01/03/2022,"Online Realtime Transfer to Nate and Emily Checking  1371 transaction#: 13376430803 reference#: 9376430803RX 01/03",-640.00,ACCT_XFER,48346.12,,
DEBIT,01/03/2022,"PENNYMAC         CASH       8191564333-0018 WEB ID: 1262049351",-1728.12,ACH_DEBIT,48986.12,,
DEBIT,01/03/2022,"Online Realtime Transfer to Nate and Emily Checking  1371 transaction#: 13361944645 reference#: 9361944645RX 01/03",-288.00,ACCT_XFER,50714.24,,
DEBIT,01/03/2022,"Payment to Chase card ending in 6616 01/03",-367.65,ACCT_XFER,51002.24,,
